<record><leader>00000cas a2200000 a 4500</leader><controlfield tag="001">12228353</controlfield><controlfield tag="008">850703d18891895ksudr ne      0    0eng d</controlfield><datafield ind1=" " ind2=" " tag="010"><subfield code="a">sn 85030404 </subfield></datafield><datafield ind1=" " ind2=" " tag="040"><subfield code="a">KSH</subfield><subfield code="b">eng</subfield><subfield code="c">KSH</subfield><subfield code="d">NPT</subfield><subfield code="d">OCL</subfield><subfield code="d">OCLCQ</subfield></datafield><datafield ind1=" " ind2=" " tag="042"><subfield code="a">msc</subfield></datafield><datafield ind1="0" ind2=" " tag="130"><subfield code="a">Morning reporter (Independence, Kan. : 1889)</subfield></datafield><datafield ind1="1" ind2="4" tag="245"><subfield code="a">The morning reporter.</subfield></datafield><datafield ind1=" " ind2=" " tag="260"><subfield code="a">Independence, Kan. :</subfield><subfield code="b">T.N. Sickels,</subfield><subfield code="c">1889-1895.</subfield></datafield><datafield ind1=" " ind2=" " tag="300"><subfield code="a">6 v. ;</subfield><subfield code="c">56 cm.</subfield></datafield><datafield ind1=" " ind2=" " tag="310"><subfield code="a">Daily (except Monday)</subfield></datafield><datafield ind1="0" ind2=" " tag="362"><subfield code="a">Vol. 3, no. 150 (Feb. 12, 1889)-v. 8, no. 149 (Sept. 21, 1889) = whole no. 2340-no. 2419 ; v. 9, no. 10 (Sept. 22, 1889)-v. 13, no. 284 (Mar. 3, 1895).</subfield></datafield><datafield ind1=" " ind2=" " tag="500"><subfield code="a">Published by: Walter S. Sickels, Apr. 1, 1892-Nov. 23, 1893; T.N. Sickels, Nov. 24, 1893-Mar. 3, 1895.</subfield></datafield><datafield ind1=" " ind2=" " tag="515"><subfield code="a">Vol. 8, nos. 150-153 misnumbered v. 3, nos. 150-153.</subfield></datafield><datafield ind1=" " ind2=" " tag="515"><subfield code="a">Numbering is irregular.</subfield></datafield><datafield ind1=" " ind2=" " tag="752"><subfield code="a">United States</subfield><subfield code="b">Kansas</subfield><subfield code="c">Montgomery</subfield><subfield code="d">Independence.</subfield></datafield><datafield ind1="0" ind2="0" tag="780"><subfield code="t">Evening reporter (Independence, Kan.)</subfield><subfield code="w">(DLC)sn 85030403</subfield></datafield><datafield ind1="0" ind2="0" tag="785"><subfield code="t">Daily reporter (Independence, Kan.)</subfield><subfield code="w">(DLC)sn 85030405</subfield></datafield></record>